

@misc{jsr222,
  title={JSR 222: JavaTM Architecture for XML Binding (JAXB) 2.0},
  author={Oracle},
  year={2009},
  howpublished="\url{https://jcp.org/en/jsr/detail?id=222}"
}

@misc{vogella,
    title={JAXB - Tutorial},
    author={Lars Vogel},
    year={2012},
    howpublished="\url{vogella.com/tutorials/JAXB/article.html}"
}